@article{benedetto2023ai,
  title={AI in Gravitational Wave Analysis, an Overview},
  author={Benedetto, Vincenzo and Gissi, Francesco and Ciaparrone, Gioele and Troiano, Luigi},
  journal={Applied Sciences},
  volume={13},
  number={17},
  pages={9886},
  year={2023},
  publisher={MDPI}
}

@article{glanzer2023data,
  title={Data quality up to the third observing run of advanced LIGO: Gravity Spy glitch classifications},
  author={Glanzer, J and Banagiri, S and Coughlin, SB and Soni, S and Zevin, M and Berry, Christopher Philip Luke and Patane, O and Bahaadini, S and Rohani, N and Crowston, K and others},
  journal={Classical and Quantum Gravity},
  volume={40},
  number={6},
  pages={065004},
  year={2023},
  publisher={IOP Publishing}
}

@article{fernandes2023convolutional,
  title={Convolutional Neural Networks for the classification of glitches in gravitational-wave data streams},
  author={Fernandes, Tiago and Vieira, Samuel and Onofre, Antonio and Bustillo, Juan Calder{\'o}n and Torres-Forn{\'e}, Alejandro and Font, Jos{\'e} A},
  journal={Classical and Quantum Gravity},
  volume={40},
  number={19},
  pages={195018},
  year={2023},
  publisher={IOP Publishing}
}

@article{laguarta2023detection,
  title={Detection of anomalies amongst LIGO's glitch populations with autoencoders},
  author={Laguarta, Paloma and van der Laag, Robin and Lopez, Melissa and Dooney, Tom and Miller, Andrew L and Schmidt, Stefano and Cavaglia, Marco and Caudill, Sarah and Driessens, Kurt and Karel, J{\"o}el and others},
  journal={arXiv preprint arXiv:2310.03453},
  year={2023}
}

@article{robinet2020omicron,
  title={Omicron: a tool to characterize transient noise in gravitational-wave detectors},
  author={Robinet, Florent and Arnaud, Nicolas and Leroy, Nicolas and Lundgren, Andrew and Macleod, Duncan and McIver, Jessica},
  journal={SoftwareX},
  volume={12},
  pages={100620},
  year={2020},
  publisher={Elsevier}
}

@article{bahaadini2018machine,
  title={Machine learning for Gravity Spy: Glitch classification and dataset},
  author={Bahaadini, Sara and Noroozi, Vahid and Rohani, Neda and Coughlin, Scott and Zevin, Michael and Smith, Joshua R and Kalogera, Vicky and Katsaggelos, A},
  journal={Information Sciences},
  volume={444},
  pages={172--186},
  year={2018},
  publisher={Elsevier}
}

@article{colgan2020efficient,
  title={Efficient gravitational-wave glitch identification from environmental data through machine learning},
  author={Colgan, Robert E and Corley, K Rainer and Lau, Yenson and Bartos, Imre and Wright, John N and M{\'a}rka, Zsuzsa and M{\'a}rka, Szabolcs},
  journal={Physical Review D},
  volume={101},
  number={10},
  pages={102003},
  year={2020},
  publisher={APS}
}

@article{cavaglia2022characterization,
  title={Characterization of gravitational-wave detector noise with fractals},
  author={Cavaglia, Marco},
  journal={Classical and Quantum Gravity},
  volume={39},
  number={13},
  pages={135012},
  year={2022},
  publisher={IOP Publishing}
}

@inproceedings{dooney2022dvgan,
  title={DVGAN: Stabilize Wasserstein GAN training for time-domain Gravitational Wave physics},
  author={Dooney, Tom and Bromuri, Stefano and Curier, Lyana},
  booktitle={2022 IEEE International Conference on Big Data (Big Data)},
  pages={5468--5477},
  year={2022},
  organization={IEEE}
}

@article{alvarez2023gspynettree,
  title={GSpyNetTree: A signal-vs-glitch classifier for gravitational-wave event candidates},
  author={Alvarez-Lopez, Sofia and Liyanage, Annudesh and Ding, Julian and Ng, Raymond and McIver, Jess},
  journal={arXiv preprint arXiv:2304.09977},
  year={2023}
}

@article{jarov2023new,
  title={A new method to distinguish gravitational-wave signals from detector noise transients with Gravity Spy},
  author={Jarov, Seraphim and Thiele, Sarah and Soni, Siddharth and Ding, Julian and McIver, Jess and Ng, Raymond and Hatoya, Rikako and Davis, Derek},
  journal={arXiv preprint arXiv:2307.15867},
  year={2023}
}

@article{jadhav2023towards,
  title={Towards a robust and reliable deep learning approach for detection of compact binary mergers in gravitational wave data},
  author={Jadhav, Shreejit and Shrivastava, Mihir and Mitra, Sanjit},
  journal={arXiv preprint arXiv:2306.11797},
  year={2023}
}

@article{macleod2021gwpy,
  title={GWpy: A Python package for gravitational-wave astrophysics},
  author={Macleod, Duncan M and Areeda, Joseph S and Coughlin, Scott B and Massinger, Thomas J and Urban, Alexander L},
  journal={SoftwareX},
  volume={13},
  pages={100657},
  year={2021},
  publisher={Elsevier}
}

@article{zevin2017gravity,
  title={Gravity Spy: integrating advanced LIGO detector characterization, machine learning, and citizen science},
  author={Zevin, Michael and Coughlin, Scott and Bahaadini, Sara and Besler, Emre and Rohani, Neda and Allen, Sarah and Cabero, Miriam and Crowston, Kevin and Katsaggelos, Aggelos K and Larson, Shane L and others},
  journal={Classical and quantum gravity},
  volume={34},
  number={6},
  pages={064003},
  year={2017},
  publisher={IOP Publishing}
}

@misc{CaltechFAQ,
  author = {LIGO Caltech},
  title = {{LIGO Lab | Caltech} - FAQ},
  howpublished = {\url{https://www.ligo.caltech.edu/page/faq}},
  note = {Accessed: 2024-01-11},
  year = {2024}
}

@misc{avalancheContinualAIFiveMinutes,
    author = {ContinualAI},
    title = {{Learn Avalanche in 5 minutes}},
    howpublished = {\url{https://avalanche.continualai.org/getting-started/learn-avalanche-in-5-minutes}},
    note = {Accessed: 2024-02-22},
    year = {2024}}

@misc{LIGO_continuous,
    author = {LIGO Caltech},
    title = {{Introduction to LIGO \& GWs} - Continuous GW},
    howpublished = 
    {\url{https://www.ligo.org/science/GW-Continuous.php}},
    note = {Accessed: 2024-01-15},
    year = {2024}
}

@misc{CaltechWhatAreGW,
    author={LIGO Caltech},
    title={{LIGO Lab | Caltech} - What are Gravitational Waves?},
    howpublished = 
    {\url{https://www.ligo.caltech.edu/page/what-are-gw}},
    note = {Accessed: 2024-01-11},
    year = {2024}
}

@misc{GravitySpy20Wiki,
    author={Gravity Spy 2.0 project},
    title={{Gravity Spy 2.0 wiki}},
    howpublished = {\url{https://gswiki.ischool.syr.edu/}},
    note = {Accessed: 2024-02-23},
    year = {2024}}

@misc{LIGORunPlan,
    author={IGWN},
    title={{LIGO Run Plans}},
    howpublished=
    {\url{https://observing.docs.ligo.org/plan}},
    note={Accessed: 2024-01-13},
    year = {2024}
}

@article{cuoco2020enhancing,
  title={Enhancing gravitational-wave science with machine learning},
  author={Cuoco, Elena and Powell, Jade and Cavagli{\`a}, Marco and Ackley, Kendall and Bejger, Micha{\l} and Chatterjee, Chayan and Coughlin, Michael and Coughlin, Scott and Easter, Paul and Essick, Reed and others},
  journal={Machine Learning: Science and Technology},
  volume={2},
  number={1},
  pages={011002},
  year={2020},
  publisher={IOP Publishing}
}

@article{george2017deep,
  title={Deep Transfer Learning: A new deep learning glitch classification method for advanced LIGO},
  author={George, Daniel and Shen, Hongyu and Huerta, EA},
  journal={arXiv preprint arXiv:1706.07446},
  year={2017}
}

@article{essick2020idq,
  title={iDQ: Statistical inference of non-gaussian noise with auxiliary degrees of freedom in gravitational-wave detectors},
  author={Essick, Reed and Godwin, Patrick and Hanna, Chad and Blackburn, Lindy and Katsavounidis, Erik},
  journal={Machine Learning: Science and Technology},
  volume={2},
  number={1},
  pages={015004},
  year={2020},
  publisher={IOP Publishing}
}

@article{davis2022detector,
  title={Detector characterization and mitigation of noise in ground-based gravitational-wave interferometers},
  author={Davis, Derek and Walker, Marissa},
  journal={Galaxies},
  volume={10},
  number={1},
  pages={12},
  year={2022},
  publisher={MDPI}
}

@article{ormiston2020noise,
  title={Noise reduction in gravitational-wave data via deep learning},
  author={Ormiston, Rich and Nguyen, Tri and Coughlin, Michael and Adhikari, Rana X and Katsavounidis, Erik},
  journal={Physical Review Research},
  volume={2},
  number={3},
  pages={033066},
  year={2020},
  publisher={APS}
}

@article{cornish2021bayeswave,
  title={BayesWave analysis pipeline in the era of gravitational wave observations},
  author={Cornish, Neil J and Littenberg, Tyson B and B{\'e}csy, Bence and Chatziioannou, Katerina and Clark, James A and Ghonge, Sudarshan and Millhouse, Margaret},
  journal={Physical Review D},
  volume={103},
  number={4},
  pages={044006},
  year={2021},
  publisher={APS}
}

@article{ajith2011addressing,
  title={Addressing the spin question in gravitational-wave searches: Waveform templates for inspiralling compact binaries with nonprecessing spins},
  author={Ajith, P},
  journal={Physical Review D},
  volume={84},
  number={8},
  pages={084037},
  year={2011},
  publisher={APS}
}

@article{coogan2022efficient,
  title={Efficient gravitational wave template bank generation with differentiable waveforms},
  author={Coogan, Adam and Edwards, Thomas DP and Chia, Horng Sheng and George, Richard N and Freese, Katherine and Messick, Cody and Setzer, Christian N and Weniger, Christoph and Zimmerman, Aaron},
  journal={Physical Review D},
  volume={106},
  number={12},
  pages={122001},
  year={2022},
  publisher={APS}
}

@article{isoyama2020post,
  title={Post-Newtonian templates for gravitational waves from compact binary inspirals},
  author={Isoyama, Soichiro and Sturani, Riccardo and Nakano, Hiroyuki},
  journal={Handbook of Gravitational Wave Astronomy},
  pages={1--49},
  year={2020},
  publisher={Springer}
}

@article{abbott2020guide,
  title={A guide to LIGO--Virgo detector noise and extraction of transient gravitational-wave signals},
  author={Abbott, Benjamin P and Abbott, Rich and Abbott, Thomas D and Abraham, Sheelu and Acernese, Fausto and Ackley, Kendall and Adams, Carl and Adya, Vaishali B and Affeldt, Christoph and Agathos, Michalis and others},
  journal={Classical and Quantum Gravity},
  volume={37},
  number={5},
  pages={055002},
  year={2020},
  publisher={IOP Publishing}
}

@article{kapadia2017classifier,
  title={Classifier for gravitational-wave inspiral signals in nonideal single-detector data},
  author={Kapadia, Shasvath J and Dent, Thomas and Dal Canton, Tito},
  journal={Physical Review D},
  volume={96},
  number={10},
  pages={104015},
  year={2017},
  publisher={APS}
}

@article{ruan2023rapid,
  title={Rapid search for massive black hole binary coalescences using deep learning},
  author={Ruan, Wen-Hong and Wang, He and Liu, Chang and Guo, Zong-Kuan},
  journal={Physics Letters B},
  volume={841},
  pages={137904},
  year={2023},
  publisher={Elsevier}
}

@article{chatterjee2021extraction,
  title={Extraction of binary black hole gravitational wave signals from detector data using deep learning},
  author={Chatterjee, Chayan and Wen, Linqing and Diakogiannis, Foivos and Vinsen, Kevin},
  journal={Physical Review D},
  volume={104},
  number={6},
  pages={064046},
  year={2021},
  publisher={APS}
}

@article{gebhard2019convolutional,
  title={Convolutional neural networks: A magic bullet for gravitational-wave detection?},
  author={Gebhard, Timothy D and Kilbertus, Niki and Harry, Ian and Sch{\"o}lkopf, Bernhard},
  journal={Physical Review D},
  volume={100},
  number={6},
  pages={063015},
  year={2019},
  publisher={APS}
}

@article{bicskin2023fast,
  title={A fast and time-efficient glitch classification method: A deep learning-based visual feature extractor for machine learning algorithms},
  author={Bi{\c{s}}kin, OT and K{\i}rba{\c{s}}, {\.I} and {\c{C}}elik, A},
  journal={Astronomy and Computing},
  volume={42},
  pages={100683},
  year={2023},
  publisher={Elsevier}
}

@inproceedings{szegedy2016rethinking,
  title={Rethinking the inception architecture for computer vision},
  author={Szegedy, Christian and Vanhoucke, Vincent and Ioffe, Sergey and Shlens, Jon and Wojna, Zbigniew},
  booktitle={Proceedings of the IEEE conference on computer vision and pattern recognition},
  pages={2818--2826},
  year={2016}
}

@inproceedings{he2016deep,
  title={Deep residual learning for image recognition},
  author={He, Kaiming and Zhang, Xiangyu and Ren, Shaoqing and Sun, Jian},
  booktitle={Proceedings of the IEEE conference on computer vision and pattern recognition},
  pages={770--778},
  year={2016}
}

@article{aveiro2022identification,
  title={Identification of binary neutron star mergers in gravitational-wave data using YOLO one-shot object detection},
  author={Aveiro, Jo{\~a}o and Freitas, Felipe F and Ferreira, M{\'a}rcio and Onofre, Antonio and Provid{\^e}ncia, Constan{\c{c}}a and Gon{\c{c}}alves, Gon{\c{c}}alo and Font, Jos{\'e} A},
  journal={arXiv preprint arXiv:2207.00591},
  year={2022}
}

@article{nitz2020gwastro,
  title={gwastro/pycbc: PyCBC release v1. 16.11},
  author={Nitz, Alex and Harry, Ian and Brown, Duncan and Biwer, Christopher M and Willis, Josh and Dal Canton, Tito and Capano, Collin and Pekowsky, Larne and Dent, Thomas and Williamson, Andrew R and others},
  journal={Zenodo},
  year={2020}
}

@article{chatterji2004multiresolution,
  title={Multiresolution techniques for the detection of gravitational-wave bursts},
  author={Chatterji, Shourov and Blackburn, Lindy and Martin, Gregory and Katsavounidis, Erik},
  journal={Classical and Quantum Gravity},
  volume={21},
  number={20},
  pages={S1809},
  year={2004},
  publisher={IOP Publishing}
}

@article{van2008visualizing,
  title={Visualizing data using t-SNE.},
  author={Van der Maaten, Laurens and Hinton, Geoffrey},
  journal={Journal of machine learning research},
  volume={9},
  number={11},
  year={2008}
}

@inproceedings{redmon2016you,
  title={You only look once: Unified, real-time object detection},
  author={Redmon, Joseph and Divvala, Santosh and Girshick, Ross and Farhadi, Ali},
  booktitle={Proceedings of the IEEE conference on computer vision and pattern recognition},
  pages={779--788},
  year={2016}
}

@inproceedings{redmon2017yolo9000,
  title={YOLO9000: better, faster, stronger},
  author={Redmon, Joseph and Farhadi, Ali},
  booktitle={Proceedings of the IEEE conference on computer vision and pattern recognition},
  pages={7263--7271},
  year={2017}
}

@inproceedings{mcfee2015librosa,
  title={librosa: Audio and music signal analysis in python},
  author={McFee, Brian and Raffel, Colin and Liang, Dawen and Ellis, Daniel P and McVicar, Matt and Battenberg, Eric and Nieto, Oriol},
  booktitle={Proceedings of the 14th python in science conference},
  volume={8},
  pages={18--25},
  year={2015}
}

@article{abbott2020gw190425,
  title={GW190425: Observation of a compact binary coalescence with total mass $3.4 M_{\odot}$},
  author={Abbott, BP and Abbott, R and Abbott, TD and Abraham, S and Acernese, F and Ackley, K and Adams, C and Adhikari, RX and Adya, VB and Affeldt, Christoph and others},
  journal={The Astrophysical Journal},
  volume={892},
  number={1},
  pages={L3},
  year={2020},
  publisher={American Astronomical Society}
}

@article{abbott2017gw170817,
  title={GW170817: observation of gravitational waves from a binary neutron star inspiral},
  author={Abbott, Benjamin P and Abbott, Rich and Abbott, TDea and Acernese, Fausto and Ackley, Kendall and Adams, Carl and Adams, Thomas and Addesso, Paolo and Adhikari, RX and Adya, Vaishali B and others},
  journal={Physical review letters},
  volume={119},
  number={16},
  pages={161101},
  year={2017},
  publisher={APS}
}

@article{powell2018parameter,
  title={Parameter estimation and model selection of gravitational wave signals contaminated by transient detector noise glitches},
  author={Powell, Jade},
  journal={Classical and Quantum Gravity},
  volume={35},
  number={15},
  pages={155017},
  year={2018},
  publisher={IOP Publishing}
}

@article{mandelbrot1989fractal,
  title={Fractal geometry: what is it, and what does it do?},
  author={Mandelbrot, Benoit B},
  journal={Proceedings of the Royal Society of London. A. Mathematical and Physical Sciences},
  volume={423},
  number={1864},
  pages={3--16},
  year={1989},
  publisher={The Royal Society London}
}

@article{weisstein2019minkowski,
  title={Minkowski-Bouligand Dimension},
  author={Weisstein, Eric W},
  journal={MathWorld-A Wolfram Web Resource},
  year={2019}
}

@article{dubuc1989evaluating,
  title={Evaluating the fractal dimension of surfaces},
  author={Dubuc, B and Zucker, SW and Tricot, C and Quiniou, JF and Wehbi, D},
  journal={Proceedings of the Royal Society of London. A. Mathematical and Physical Sciences},
  volume={425},
  number={1868},
  pages={113--127},
  year={1989},
  publisher={The Royal Society London}
}

@article{bank2023autoencoders,
  title={Autoencoders},
  author={Bank, Dor and Koenigstein, Noam and Giryes, Raja},
  journal={Machine learning for data science handbook: data mining and knowledge discovery handbook},
  pages={353--374},
  year={2023},
  publisher={Springer}
}

@article{van2022three,
  title={Three types of incremental learning},
  author={van de Ven, Gido M and Tuytelaars, Tinne and Tolias, Andreas S},
  journal={Nature Machine Intelligence},
  volume={4},
  number={12},
  pages={1185--1197},
  year={2022},
  publisher={Nature Publishing Group UK London}
}

@article{zhou2023pycil,
    author = {Da-Wei Zhou and Fu-Yun Wang and Han-Jia Ye and De-Chuan Zhan},
    title = {PyCIL: a Python toolbox for class-incremental learning},
    journal = {SCIENCE CHINA Information Sciences},
    year = {2023},
    volume = {66},
    number = {9},
    pages = {197101-},
    doi = {https://doi.org/10.1007/s11432-022-3600-y}
  }

@article{zhou2023class,
    author = {Zhou, Da-Wei and Wang, Qi-Wei and Qi, Zhi-Hong and Ye, Han-Jia and Zhan, De-Chuan and Liu, Ziwei},
    title = {Deep Class-Incremental Learning: A Survey},
    journal = {arXiv preprint arXiv:2302.03648},
    year = {2023}
 }

@article{ao2023continual,
  title={Continual Deep Learning for Time Series Modeling},
  author={Ao, Sio-Iong and Fayek, Haytham},
  journal={Sensors},
  volume={23},
  number={16},
  pages={7167},
  year={2023},
  publisher={MDPI}
}

@inproceedings{ruvolo2013ella,
  title={ELLA: An efficient lifelong learning algorithm},
  author={Ruvolo, Paul and Eaton, Eric},
  booktitle={International conference on machine learning},
  pages={507--515},
  year={2013},
  organization={PMLR}
}

@article{masse2018alleviating,
  title={Alleviating catastrophic forgetting using context-dependent gating and synaptic stabilization},
  author={Masse, Nicolas Y and Grant, Gregory D and Freedman, David J},
  journal={Proceedings of the National Academy of Sciences},
  volume={115},
  number={44},
  pages={E10467--E10475},
  year={2018},
  publisher={National Acad Sciences}
}

@article{lopez2017gradient,
  title={Gradient episodic memory for continual learning},
  author={Lopez-Paz, David and Ranzato, Marc'Aurelio},
  journal={Advances in neural information processing systems},
  volume={30},
  year={2017}
}

@article{vogelstein2020representation,
  title={Representation ensembling for synergistic lifelong learning with quasilinear complexity},
  author={Vogelstein, Joshua T and Dey, Jayanta and Helm, Hayden S and LeVine, Will and Mehta, Ronak D and Tomita, Tyler M and Xu, Haoyin and Geisa, Ali and Wang, Qingyang and van de Ven, Gido M and others},
  journal={arXiv preprint arXiv:2004.12908},
  year={2020}
}

@article{ke2021classic,
  title={CLASSIC: Continual and contrastive learning of aspect sentiment classification tasks},
  author={Ke, Zixuan and Liu, Bing and Xu, Hu and Shu, Lei},
  journal={arXiv preprint arXiv:2112.02714},
  year={2021}
}

@inproceedings{mirza2022efficient,
  title={An efficient domain-incremental learning approach to drive in all weather conditions},
  author={Mirza, M Jehanzeb and Masana, Marc and Possegger, Horst and Bischof, Horst},
  booktitle={Proceedings of the IEEE/CVF Conference on Computer Vision and Pattern Recognition},
  pages={3001--3011},
  year={2022}
}

@inproceedings{aljundi2017expert,
  title={Expert gate: Lifelong learning with a network of experts},
  author={Aljundi, Rahaf and Chakravarty, Punarjay and Tuytelaars, Tinne},
  booktitle={Proceedings of the IEEE conference on computer vision and pattern recognition},
  pages={3366--3375},
  year={2017}
}

@article{von2019continual,
  title={Continual learning with hypernetworks},
  author={Von Oswald, Johannes and Henning, Christian and Grewe, Benjamin F and Sacramento, Jo{\~a}o},
  journal={arXiv preprint arXiv:1906.00695},
  year={2019}
}

@article{van2020brain,
  title={Brain-inspired replay for continual learning with artificial neural networks},
  author={Van de Ven, Gido M and Siegelmann, Hava T and Tolias, Andreas S},
  journal={Nature communications},
  volume={11},
  number={1},
  pages={4069},
  year={2020},
  publisher={Nature Publishing Group UK London}
}

@article{belouadah2021comprehensive,
  title={A comprehensive study of class incremental learning algorithms for visual tasks},
  author={Belouadah, Eden and Popescu, Adrian and Kanellos, Ioannis},
  journal={Neural Networks},
  volume={135},
  pages={38--54},
  year={2021},
  publisher={Elsevier}
}

@article{masana2022class,
  title={Class-incremental learning: survey and performance evaluation on image classification},
  author={Masana, Marc and Liu, Xialei and Twardowski, Bart{\l}omiej and Menta, Mikel and Bagdanov, Andrew D and Van De Weijer, Joost},
  journal={IEEE Transactions on Pattern Analysis and Machine Intelligence},
  volume={45},
  number={5},
  pages={5513--5533},
  year={2022},
  publisher={IEEE}
}

@article{deng2012mnist,
  title={The mnist database of handwritten digit images for machine learning research},
  author={Deng, Li},
  journal={IEEE Signal Processing Magazine},
  volume={29},
  number={6},
  pages={141--142},
  year={2012},
  publisher={IEEE}
}

@misc{cifar,
title= {CIFAR-100 (Canadian Institute for Advanced Research)},
author= {Alex Krizhevsky and Vinod Nair and Geoffrey Hinton},
year= {2009},
url= {http://www.cs.toronto.edu/~kriz/cifar.html},
keywords= {Dataset}
}

@article{kirkpatrick2017overcoming,
  title={Overcoming catastrophic forgetting in neural networks},
  author={Kirkpatrick, James and Pascanu, Razvan and Rabinowitz, Neil and Veness, Joel and Desjardins, Guillaume and Rusu, Andrei A and Milan, Kieran and Quan, John and Ramalho, Tiago and Grabska-Barwinska, Agnieszka and others},
  journal={Proceedings of the national academy of sciences},
  volume={114},
  number={13},
  pages={3521--3526},
  year={2017},
  publisher={National Acad Sciences}
}

@article{khare2021unsupervised,
  title={Unsupervised class-incremental learning through confusion},
  author={Khare, Shivam and Cao, Kun and Rehg, James},
  journal={arXiv preprint arXiv:2104.04450},
  year={2021}
}

@article{diaz2018don,
  title={Don't forget, there is more than forgetting: new metrics for Continual Learning},
  author={D{\'\i}az-Rodr{\'\i}guez, Natalia and Lomonaco, Vincenzo and Filliat, David and Maltoni, Davide},
  journal={arXiv preprint arXiv:1810.13166},
  year={2018}
}

@inproceedings{chaudhry2018riemannian,
  title={Riemannian walk for incremental learning: Understanding forgetting and intransigence},
  author={Chaudhry, Arslan and Dokania, Puneet K and Ajanthan, Thalaiyasingam and Torr, Philip HS},
  booktitle={Proceedings of the European conference on computer vision (ECCV)},
  pages={532--547},
  year={2018}
}

@article{qu2021recent,
  title={Recent advances of continual learning in computer vision: An overview},
  author={Qu, Haoxuan and Rahmani, Hossein and Xu, Li and Williams, Bryan and Liu, Jun},
  journal={arXiv preprint arXiv:2109.11369},
  year={2021}
}

@misc{continualaiwiki,
  title = {ContinualAI Wiki},
  howpublished = {\url{https://wiki.continualai.org/}},
  note = {Accessed: 27-Jan-2024}
}

@misc{wang2023comprehensive,
      title={A Comprehensive Survey of Continual Learning: Theory, Method and Application}, 
      author={Liyuan Wang and Xingxing Zhang and Hang Su and Jun Zhu},
      year={2023},
      eprint={2302.00487},
      archivePrefix={arXiv},
      primaryClass={cs.LG}
}

@InProceedings{lomonaco2021avalanche,
    title={Avalanche: an End-to-End Library for Continual Learning},
    author={Vincenzo Lomonaco and Lorenzo Pellegrini and Andrea Cossu and Antonio Carta and Gabriele Graffieti and Tyler L. Hayes and Matthias De Lange and Marc Masana and Jary Pomponi and Gido van de Ven and Martin Mundt and Qi She and Keiland Cooper and Jeremy Forest and Eden Belouadah and Simone Calderara and German I. Parisi and Fabio Cuzzolin and Andreas Tolias and Simone Scardapane and Luca Antiga and Subutai Amhad and Adrian Popescu and Christopher Kanan and Joost van de Weijer and Tinne Tuytelaars and Davide Bacciu and Davide Maltoni},
    booktitle={Proceedings of IEEE Conference on Computer Vision and Pattern Recognition},
    series={2nd Continual Learning in Computer Vision Workshop},
    year={2021}
}

@misc{douillardlesort2021continuum,
  author={Douillard, Arthur and Lesort, Timothée},
  title={Continuum: Simple Management of Complex Continual Learning Scenarios},
  publisher={arXiv: 2102.06253},
  year={2021}
}

@article{paszke2017automatic,
  title={Automatic differentiation in PyTorch},
  author={Paszke, Adam and Gross, Sam and Chintala, Soumith and Chanan, Gregory and Yang, Edward and DeVito, Zachary and Lin, Zeming and Desmaison, Alban and Antiga, Luca and Lerer, Adam},
  year={2017}
}

@article{de2021continual,
  title={A continual learning survey: Defying forgetting in classification tasks},
  author={De Lange, Matthias and Aljundi, Rahaf and Masana, Marc and Parisot, Sarah and Jia, Xu and Leonardis, Ale{\v{s}} and Slabaugh, Gregory and Tuytelaars, Tinne},
  journal={IEEE transactions on pattern analysis and machine intelligence},
  volume={44},
  number={7},
  pages={3366--3385},
  year={2021},
  publisher={IEEE}
}

@article{french1999catastrophic,
  title={Catastrophic forgetting in connectionist networks},
  author={French, Robert M},
  journal={Trends in cognitive sciences},
  volume={3},
  number={4},
  pages={128--135},
  year={1999},
  publisher={Elsevier}
}

@book{grossberg2012studies,
  title={Studies of mind and brain: Neural principles of learning, perception, development, cognition, and motor control},
  author={Grossberg, Stephen T},
  volume={70},
  year={2012},
  publisher={Springer Science \& Business Media}
}

@article{pashler2009predicting,
  title={Predicting the optimal spacing of study: A multiscale context model of memory},
  author={Pashler, Harold and Cepeda, Nicholas and Lindsey, Robert V and Vul, Ed and Mozer, Michael C},
  journal={Advances in neural information processing systems},
  volume={22},
  year={2009}
}

@article{lesort2020continual,
  title={Continual learning for robotics: Definition, framework, learning strategies, opportunities and challenges},
  author={Lesort, Timoth{\'e}e and Lomonaco, Vincenzo and Stoian, Andrei and Maltoni, Davide and Filliat, David and D{\'\i}az-Rodr{\'\i}guez, Natalia},
  journal={Information fusion},
  volume={58},
  pages={52--68},
  year={2020},
  publisher={Elsevier}
}

@article{cossu2021continual,
  title={Continual learning for recurrent neural networks: an empirical evaluation},
  author={Cossu, Andrea and Carta, Antonio and Lomonaco, Vincenzo and Bacciu, Davide},
  journal={Neural Networks},
  volume={143},
  pages={607--627},
  year={2021},
  publisher={Elsevier}
}

@article{parisi2019continual,
  title={Continual lifelong learning with neural networks: A review},
  author={Parisi, German I and Kemker, Ronald and Part, Jose L and Kanan, Christopher and Wermter, Stefan},
  journal={Neural networks},
  volume={113},
  pages={54--71},
  year={2019},
  publisher={Elsevier}
}

@article{ly2017tutorial,
  title={A tutorial on Fisher information},
  author={Ly, Alexander and Marsman, Maarten and Verhagen, Josine and Grasman, Raoul PPP and Wagenmakers, Eric-Jan},
  journal={Journal of Mathematical Psychology},
  volume={80},
  pages={40--55},
  year={2017},
  publisher={Elsevier}
}

@inproceedings{zenke2017continual,
  title={Continual learning through synaptic intelligence},
  author={Zenke, Friedemann and Poole, Ben and Ganguli, Surya},
  booktitle={International conference on machine learning},
  pages={3987--3995},
  year={2017},
  organization={PMLR}
}

@article{maltoni2019continuous,
  title={Continuous learning in single-incremental-task scenarios},
  author={Maltoni, Davide and Lomonaco, Vincenzo},
  journal={Neural Networks},
  volume={116},
  pages={56--73},
  year={2019},
  publisher={Elsevier}
}

@article{pan2020continual,
  title={Continual deep learning by functional regularisation of memorable past},
  author={Pan, Pingbo and Swaroop, Siddharth and Immer, Alexander and Eschenhagen, Runa and Turner, Richard and Khan, Mohammad Emtiyaz E},
  journal={Advances in Neural Information Processing Systems},
  volume={33},
  pages={4453--4464},
  year={2020}
}

@article{vapnik1991principles,
  title={Principles of risk minimization for learning theory},
  author={Vapnik, Vladimir},
  journal={Advances in neural information processing systems},
  volume={4},
  year={1991}
}

@article{chaudhry2018efficient,
  title={Efficient lifelong learning with a-gem},
  author={Chaudhry, Arslan and Ranzato, Marc'Aurelio and Rohrbach, Marcus and Elhoseiny, Mohamed},
  journal={arXiv preprint arXiv:1812.00420},
  year={2018}
}

@inproceedings{rebuffi2017icarl,
  title={icarl: Incremental classifier and representation learning},
  author={Rebuffi, Sylvestre-Alvise and Kolesnikov, Alexander and Sperl, Georg and Lampert, Christoph H},
  booktitle={Proceedings of the IEEE conference on Computer Vision and Pattern Recognition},
  pages={2001--2010},
  year={2017}
}

@article{Yan_2022,
   title={On improving the performance of glitch classification for gravitational wave detection by using Generative Adversarial Networks},
   volume={515},
   ISSN={1365-2966},
   url={http://dx.doi.org/10.1093/mnras/stac1996},
   DOI={10.1093/mnras/stac1996},
   number={3},
   journal={Monthly Notices of the Royal Astronomical Society},
   publisher={Oxford University Press (OUP)},
   author={Yan, Jianqi and Leung, Alex P and Hui, C Y},
   year={2022},
   month=jul, pages={4606–4621} }

@article{bariuan2022identifying,
  title={Identifying Witnesses to LIGO Glitches Using Auxiliary Channels},
  author={Bariuan, Luis Gabriel C},
  year={2022}
}

@article{abbott2023open,
  title={Open data from the third observing run of LIGO, Virgo, KAGRA and GEO},
  author={Abbott, R and Abe, H and Acernese, F and Ackley, K and Adhicary, S and Adhikari, N and Adhikari, RX and Adkins, VK and Adya, VB and Affeldt, C and others},
  journal={arXiv preprint arXiv:2302.03676},
  year={2023}
}

@article{wu2024advancing,
  title={Advancing Glitch Classification in Gravity Spy: Multi-view Fusion with Attention-based Machine Learning for Advanced LIGO's Fourth Observing Run},
  author={Wu, Yunan and Zevin, Michael and Berry, Christopher PL and Crowston, Kevin and {\O}sterlund, Carsten and Doctor, Zoheyr and Banagiri, Sharan and Jackson, Corey B and Kalogera, Vicky and Katsaggelos, Aggelos K},
  journal={arXiv preprint arXiv:2401.12913},
  year={2024}
}

@article{carta2023avalanche,
  title={Avalanche: A pytorch library for deep continual learning},
  author={Carta, Antonio and Pellegrini, Lorenzo and Cossu, Andrea and Hemati, Hamed and Lomonaco, Vincenzo},
  journal={Journal of Machine Learning Research},
  volume={24},
  number={363},
  pages={1--6},
  year={2023}
}

@article{van2019three,
  title={Three scenarios for continual learning},
  author={Van de Ven, Gido M and Tolias, Andreas S},
  journal={arXiv preprint arXiv:1904.07734},
  year={2019}
}

@article{gou2021knowledge,
  title={Knowledge distillation: A survey},
  author={Gou, Jianping and Yu, Baosheng and Maybank, Stephen J and Tao, Dacheng},
  journal={International Journal of Computer Vision},
  volume={129},
  pages={1789--1819},
  year={2021},
  publisher={Springer}
}

@article{zou2005regularization,
  title={Regularization and variable selection via the elastic net},
  author={Zou, Hui and Hastie, Trevor},
  journal={Journal of the Royal Statistical Society Series B: Statistical Methodology},
  volume={67},
  number={2},
  pages={301--320},
  year={2005},
  publisher={Oxford University Press}
}

@inproceedings{das2010sentiwordnet,
  title={SentiWordNet for Indian languages},
  author={Das, Amitava and Bandyopadhyay, Sivaji},
  booktitle={Proceedings of the eighth workshop on Asian language resouces},
  pages={56--63},
  year={2010}
}

@article{wang2021wikigraphs,
  title={WikiGraphs: A Wikipedia text-knowledge graph paired dataset},
  author={Wang, Luyu and Li, Yujia and Aslan, Ozlem and Vinyals, Oriol},
  journal={arXiv preprint arXiv:2107.09556},
  year={2021}
}

@inproceedings{wu2019large,
  title={Large scale incremental learning},
  author={Wu, Yue and Chen, Yinpeng and Wang, Lijuan and Ye, Yuancheng and Liu, Zicheng and Guo, Yandong and Fu, Yun},
  booktitle={Proceedings of the IEEE/CVF conference on computer vision and pattern recognition},
  pages={374--382},
  year={2019}
}

@article{zheng2024concept,
  title={Concept-1K: A Novel Benchmark for Instance Incremental Learning},
  author={Zheng, Junhao and Qiu, Shengjie and Ma, Qianli},
  journal={arXiv preprint arXiv:2402.08526},
  year={2024}
}

@inproceedings{cha2021co2l,
  title={Co2l: Contrastive continual learning},
  author={Cha, Hyuntak and Lee, Jaeho and Shin, Jinwoo},
  booktitle={Proceedings of the IEEE/CVF International conference on computer vision},
  pages={9516--9525},
  year={2021}
}

@inproceedings{mai2021supervised,
  title={Supervised contrastive replay: Revisiting the nearest class mean classifier in online class-incremental continual learning},
  author={Mai, Zheda and Li, Ruiwen and Kim, Hyunwoo and Sanner, Scott},
  booktitle={Proceedings of the IEEE/CVF Conference on Computer Vision and Pattern Recognition},
  pages={3589--3599},
  year={2021}
}

@article{simonyan2013deep,
  title={Deep inside convolutional networks: Visualising image classification models and saliency maps},
  author={Simonyan, Karen and Vedaldi, Andrea and Zisserman, Andrew},
  journal={arXiv preprint arXiv:1312.6034},
  year={2013}
}

@misc{newginsam2024,
author = "Newgin, Sam Ebin Sam Dhas",
title = "Enhancing AI Interpretability: Saliency Maps with Histogram Equalization",
year={2024},
url = "https://link.medium.com/HK190vk1bJb",
note = "[Blog post] Retrieved April 27, 2024, from Medium",
}

@article{khosla2020supervised,
  title={Supervised contrastive learning},
  author={Khosla, Prannay and Teterwak, Piotr and Wang, Chen and Sarna, Aaron and Tian, Yonglong and Isola, Phillip and Maschinot, Aaron and Liu, Ce and Krishnan, Dilip},
  journal={Advances in neural information processing systems},
  volume={33},
  pages={18661--18673},
  year={2020}
}

@inproceedings{park2017analysis,
  title={Analysis on the dropout effect in convolutional neural networks},
  author={Park, Sungheon and Kwak, Nojun},
  booktitle={Computer Vision--ACCV 2016: 13th Asian Conference on Computer Vision, Taipei, Taiwan, November 20-24, 2016, Revised Selected Papers, Part II 13},
  pages={189--204},
  year={2017},
  organization={Springer}
}

@misc{loshchilov2019decoupled,
      title={Decoupled Weight Decay Regularization}, 
      author={Ilya Loshchilov and Frank Hutter},
      year={2019},
      eprint={1711.05101},
      archivePrefix={arXiv},
      primaryClass={cs.LG}
}

@article{miranda2017softmax,
  title        = {Understanding softmax and the negative log-likelihood"},
  author       = {Miranda, Lester James},
  journal      = {ljvmiranda921.github.io},
  url          = "https://ljvmiranda921.github.io/notebook/2017/08/13/softmax-and-the-negative-log-likelihood/",
  year         = {2017}
}

@inproceedings{oren2021defense,
  title={In defense of the learning without forgetting for task incremental learning},
  author={Oren, Guy and Wolf, Lior},
  booktitle={Proceedings of the IEEE/CVF International Conference on Computer Vision},
  pages={2209--2218},
  year={2021}
}

@article{mcinnes2018umap,
  title={Umap: Uniform manifold approximation and projection for dimension reduction},
  author={McInnes, Leland and Healy, John and Melville, James},
  journal={arXiv preprint arXiv:1802.03426},
  year={2018}
}

@inproceedings{rasamoelina2020review,
  title={A review of activation function for artificial neural network},
  author={Rasamoelina, Andrinandrasana David and Adjailia, Fouzia and Sin{\v{c}}{\'a}k, Peter},
  booktitle={2020 IEEE 18th World Symposium on Applied Machine Intelligence and Informatics (SAMI)},
  pages={281--286},
  year={2020},
  organization={IEEE}
}

@article{kiliccarslan2021overview,
  title={An overview of the activation functions used in deep learning algorithms},
  author={K{\i}l{\i}{\c{c}}arslan, Serhat and Adem, Kemal and {\c{C}}elik, Mete},
  journal={Journal of New Results in Science},
  volume={10},
  number={3},
  pages={75--88},
  year={2021},
  publisher={Tokat Gaziosmanpasa University}
}

@article{huszar2018note,
  title={Note on the quadratic penalties in elastic weight consolidation},
  author={Husz{\'a}r, Ferenc},
  journal={Proceedings of the National Academy of Sciences},
  volume={115},
  number={11},
  pages={E2496--E2497},
  year={2018},
  publisher={National Acad Sciences}
}

@article{buzzega2020dark,
  title={Dark experience for general continual learning: a strong, simple baseline},
  author={Buzzega, Pietro and Boschini, Matteo and Porrello, Angelo and Abati, Davide and Calderara, Simone},
  journal={Advances in neural information processing systems},
  volume={33},
  pages={15920--15930},
  year={2020}
}

@inproceedings{ling2022difficulty,
  title={Difficulty-Aware Mixup for Replay-based Continual Learning},
  author={Ling, Yu-Kai and Yang, Ren Chieh and Wang, Sheng-De},
  booktitle={International Computer Symposium},
  pages={305--316},
  year={2022},
  organization={Springer}
}

@misc{aleixo2023catastrophic,
      title={Catastrophic Forgetting in Deep Learning: A Comprehensive Taxonomy}, 
      author={Everton L. Aleixo and Juan G. Colonna and Marco Cristo and Everlandio Fernandes},
      year={2023},
      eprint={2312.10549},
      archivePrefix={arXiv},
      primaryClass={cs.LG}
}

@book{goodfellow2016deep,
  title={Deep learning},
  author={Goodfellow, Ian and Bengio, Yoshua and Courville, Aaron},
  year={2016},
  publisher={MIT press}
}

@article{boschini2022class,
  title={Class-incremental continual learning into the extended der-verse},
  author={Boschini, Matteo and Bonicelli, Lorenzo and Buzzega, Pietro and Porrello, Angelo and Calderara, Simone},
  journal={IEEE transactions on pattern analysis and machine intelligence},
  volume={45},
  number={5},
  pages={5497--5512},
  year={2022},
  publisher={IEEE}
}

@article{farquhar2018towards,
  title={Towards robust evaluations of continual learning},
  author={Farquhar, Sebastian and Gal, Yarin},
  journal={arXiv preprint arXiv:1805.09733},
  year={2018}
}

@article{vitter1985random,
  title={Random sampling with a reservoir},
  author={Vitter, Jeffrey S},
  journal={ACM Transactions on Mathematical Software (TOMS)},
  volume={11},
  number={1},
  pages={37--57},
  year={1985},
  publisher={ACM New York, NY, USA}
}

@article{hinton2015distilling,
  title={Distilling the knowledge in a neural network},
  author={Hinton, Geoffrey and Vinyals, Oriol and Dean, Jeff},
  journal={arXiv preprint arXiv:1503.02531},
  year={2015}
}

@inproceedings{tomen2021spectral,
  title={Spectral leakage and rethinking the kernel size in cnns},
  author={Tomen, Nergis and van Gemert, Jan C},
  booktitle={Proceedings of the IEEE/CVF International Conference on Computer Vision},
  pages={5138--5147},
  year={2021}
}

@article{mursalim2021multi,
  title={Multi-kernel CNN block-based detection for COVID-19 with imbalance dataset},
  author={Mursalim, M and Kurniawan, Ade},
  journal={International Journal of Electrical and Computer Engineering (IJECE)},
  year={2021}
}

@inproceedings{chaudhry2019continual,
  title={Continual learning with tiny episodic memories},
  author={Chaudhry, Arslan and Rohrbach, Marcus and Elhoseiny, Mohamed and Ajanthan, Thalaiyasingam and Dokania, P and Torr, P and Ranzato, M},
  booktitle={Workshop on Multi-Task and Lifelong Reinforcement Learning},
  year={2019}
}

@article{dooney2024cdvgan,
  title={cDVGAN: One Flexible Model for Multi-class Gravitational Wave Signal and Glitch Generation},
  author={Dooney, Tom and Curier, Lyana and Tan, Daniel and Lopez, Melissa and Broeck, Chris Van Den and Bromuri, Stefano},
  journal={arXiv preprint arXiv:2401.16356},
  year={2024}
}

@article{niu2021review,
  title={A review on the attention mechanism of deep learning},
  author={Niu, Zhaoyang and Zhong, Guoqiang and Yu, Hui},
  journal={Neurocomputing},
  volume={452},
  pages={48--62},
  year={2021},
  publisher={Elsevier}
}

@article{vaswani2017attention,
  title={Attention is all you need},
  author={Vaswani, Ashish and Shazeer, Noam and Parmar, Niki and Uszkoreit, Jakob and Jones, Llion and Gomez, Aidan N and Kaiser, {\L}ukasz and Polosukhin, Illia},
  journal={Advances in neural information processing systems},
  volume={30},
  year={2017}
}
